%% This BibTeX bibliography file was created using BibDesk.
%% https://bibdesk.sourceforge.io/

%% Created for Sanjeev Ramani at 2019-07-29 13:26:52 -0400 


%% Saved with string encoding Unicode (UTF-8) 



@article{soriente2007beda,
	Author = {Soriente, Claudio and Tsudik, Gene and Uzun, Ersin},
	Publisher = {Citeseer},
	Title = {BEDA: Button-enabled device association},
	Year = {2007}}

@article{kovavcevic2016flashing,
	Author = {Kova{\v{c}}evi{\'c}, Tonko and Perkovi{\'c}, Toni and {\v{C}}agalj, Mario},
	Journal = {Security and Communication Networks},
	Number = {10},
	Pages = {1050--1071},
	Publisher = {Wiley Online Library},
	Title = {Flashing displays: user-friendly solution for bootstrapping secure associations between multiple constrained wireless devices},
	Volume = {9},
	Year = {2016}}

@inproceedings{soriente2008hapadep,
	Author = {Soriente, Claudio and Tsudik, Gene and Uzun, Ersin},
	Booktitle = {International Conference on Information Security},
	Organization = {Springer},
	Pages = {385--400},
	Title = {HAPADEP: human-assisted pure audio device pairing},
	Year = {2008}}

@inproceedings{mayrhofer2007security,
	Author = {Mayrhofer, Rene and Gellersen, Hans},
	Booktitle = {2007 IEEE International Parallel and Distributed Processing Symposium},
	Organization = {IEEE},
	Pages = {1--6},
	Title = {On the Security of Ultrasound as Out-of-band Channel},
	Year = {2007}}

@inproceedings{gollakota2011secure,
	Author = {Gollakota, Shyamnath and Ahmed, Nabeel and Zeldovich, Nickolai and Katabi, Dina},
	Booktitle = {USENIX security symposium},
	Organization = {San Francisco, CA, USA},
	Pages = {1--16},
	Title = {Secure In-Band Wireless Pairing.},
	Year = {2011}}

@inproceedings{kumar2009caveat,
	Author = {Kumar, Arun and Saxena, Nitesh and Tsudik, Gene and Uzun, Ersin},
	Booktitle = {2009 IEEE International Conference on Pervasive Computing and Communications},
	Organization = {IEEE},
	Pages = {1--10},
	Title = {Caveat eptor: A comparative study of secure device pairing methods},
	Year = {2009}}

@inproceedings{lee2018syncvibe,
	Author = {Lee, Kyuin and Raghunathan, Vijay and Raghunathan, Anand and Kim, Younghyun},
	Booktitle = {2018 IEEE 36th International Conference on Computer Design (ICCD)},
	Organization = {IEEE},
	Pages = {234--241},
	Title = {SYNCVIBE: Fast and Secure Device Pairing through Physical Vibration on Commodity Smartphones},
	Year = {2018}}

@article{perkovic2012secure,
	Author = {Perkovic, Toni and Cagalj, Mario and Mastelic, Toni and Saxena, Nitesh and Begusic, Dinko},
	Journal = {IEEE transactions on mobile computing},
	Number = {2},
	Pages = {337--351},
	Publisher = {IEEE},
	Title = {Secure initialization of multiple constrained wireless devices for an unaided user},
	Volume = {11},
	Year = {2012}}

@inproceedings{jin2014magpairing,
	Author = {Jin, Rong and Shi, Liu and Zeng, Kai and Pande, Amit and Mohapatra, Prasant},
	Booktitle = {2014 IEEE Conference on Communications and Network Security},
	Organization = {IEEE},
	Pages = {445--453},
	Title = {MagPairing: Exploiting magnetometers for pairing smartphones in close proximity},
	Year = {2014}}

@misc{wifialliance,
	Author = {{Wi-Fi Alliance}},
	Date-Modified = {2019-07-29 13:26:42 -0400},
	Title = {Device Provisioning Protocol Specification v1.1},
	Year = {2018}}
